@article{topdb2019list,
title = {Top 30 most popular database management software},
journal = {Journal Software Testing},
year = {2019},
URL = {https://www.softwaretestinghelp.com/database-management-software/},
eprint = {https://www.softwaretestinghelp.com/database-management-software/}
}
@article{nosql2018features,
title = {NoSQL Databases: The definitive Guide},
journal = {Blog pandorafms},
year = {2018},
URL = {https://blog.pandorafms.org/nosql-databases-the-definitive-guide/}
}
@article{clouds2017forbes,
title = {Top 5 cloud-computing vendors},
journal = {Forbes},
year = {2017},
URL = {https://www.forbes.com/sites/bobevans1/2017/11/07/the-top-5-cloud-computing-vendors-1-microsoft-2-amazon-3-ibm-4-salesforce-5-sap/},
}
@article{hbase2012backup,
title = {Online Apache HBase backup},
journal = {Cloudera blog},
year = {2012},
URL = {https://blog.cloudera.com/blog/2012/06/online-hbase-backups-with-copytable-2/}
}
@article{hbase2016htable,
title = {HTable API docs},
journal = {Apache HBase docs},
year = {2016},
URL = {https://hbase.apache.org/1.1/apidocs/org/apache/hadoop/hbase/client/HTable.html}
}
@book{sqlserver2012backup,
author = {Shawn McGehee},
year = {2012},
publisher = {Simple Talk},
title = {SQL Server backup and Restore},
pages = {50-78}
}
@book{cloudagnostic2012oreilly,
author = {Bill Wilder},
year = {2012},
publisher = {O'Reilly},
title = {Cloud architecture patterns},
pages = {10-30}
}
@book{iot2015mit,
author = {Samuel Greengard},
year = {2015},
publisher = {MIT Press},
title = {The internet of Things},
pages = {80-111}
}
@book{compile2014c,
author = {Milan Stevanovic},
year = {2014},
publisher = {APRESS},
title = {C and C++ Compiling},
}
@article{typesdatabases,
title = {Types of databases},
journal = {Wikipedia},
doi = {typesdatabases},
year = {2018},
URL = {https://en.wikipedia.org/wiki/Category:Types_of_databases},
eprint = {https://en.wikipedia.org/wiki/Category:Types_of_databases}
}
@article{linking2018clang,
title = {When to use dynamic linking and static linking},
journal = {IBM},
year = {2019},
URL = {https://www.ibm.com/support/knowledgecenter/en/ssw_aix_71/com.ibm.aix.performance/when_dyn_linking_static_linking.htm}
}
@incollection{clang2005intro,
titel = {An Introduction to the C Programming language and Software Design},
booktitle = {\emph{C programming language}},
author = {Tim Bailey},
pages = {1-65, 79-84},
year = {2005}
}
@incollection{clang2005memory,
titel = {An Introduction to the C Programming language and Software Design},
booktitle = {\emph{C programming language}},
author = {Tim Bailey},
pages = {68-79},
year = {2005}
}
@incollection{clang2005dynamic,
titel = {An Introduction to the C Programming language and Software Design},
booktitle = {\emph{C programming language}},
author = {Tim Bailey},
pages = {115-123},
year = {2005}
}
@techreport{linking2019briefly,
title = {About linkers and dynamic/static linking},
institution = {Indiana University},
year = {2019},
author = {Indiana University},
}
@article{lang2019cfamily,
title = {List of C family languages},
journal = {Wikipedia},
year = {2019},
URL = {https://en.wikipedia.org/wiki/List_of_C-family_programming_languages}
}
@article{libhdfs2018,
title = {C API libhdfs},
journal = {Apache Hadoop},
year = {2018},
URL = {https://hadoop.apache.org/docs/current/hadoop-project-dist/hadoop-hdfs/LibHdfs.html}
}
@techreport{garglip,
author = {A. Garg and J. Noyola and S. Bagadia},
institution = {Technical report, Stanford University, CS231n project report},
title = {Lip reading using {CNN} and {LSTM}},
year = {2016},
}
@incollection{goldschen1997continuous,
author = {A. J. Goldschen and O. N. Garcia and E. D. Petajan},
booktitle = {\emph{Motion-Based recognition}},
pages = {321-343},
title = {Continuous automatic speech recognition by lipreading},
year = {1997},
}
@unpublished{neti2000audio,
author = {C. Neti and G. Potamianos and J. Luettin and I. Matthews and H. Glotin and D. Vergyri and J. Sison and A. Mashari},
note = {Technical report, IDIAP},
title = {Audio visual speech recognition},
year = {2000},
}
@inproceedings{ngiam2011multimodal,
author = {J. Ngiam and A. Khosla and M. Kim and J. Nam and H. Lee and A. Y. Ng. Multimodal deep learning},
booktitle = {\emph{International Conference on Machine Learning}},
pages = {689-696},
title = {In},
year = {2011},
}
